@book{pitron2020rare,
    author    = {Guillaume Pitron},
    title     = {The Rare Metals War: The Dark Side of Clean Energy and Digital Technologies},
    year      = {2020},
    publisher = {Scribe Publications},
    address   = {Melbourne, Australia},
    isbn      = {978-1-925-74473-2},
    note      = {Translated by Bianca Jacobsohn}
}

@book{zuboff2019capitalismo,
    author    = {Shoshana Zuboff},
    title     = {Capitalismo della sorveglianza},
    publisher = {Luiss University Press},
    year      = {2019},
    address   = {Rome, Italy}
}

